@inproceedings{cite:precise_version_control_of_trees,
  author    = {Dimitar Asenov and
               Balz Guenat and
               Peter M{\"{u}}ller and
               Martin Otth},
  title     = {Precise Version Control of Trees with Line-Based Version Control Systems},
  booktitle = {Fundamental Approaches to Software Engineering - 20th International
               Conference, {FASE} 2017, Held as Part of the European Joint Conferences
               on Theory and Practice of Software, {ETAPS} 2017, Uppsala, Sweden,
               April 22-29, 2017, Proceedings},
  pages     = {152--169},
  year      = {2017},
  crossref  = {DBLP:conf/fase/2017},
  url       = {https://doi.org/10.1007/978-3-662-54494-5\_9},
  doi       = {10.1007/978-3-662-54494-5\_9},
  timestamp = {Tue, 14 May 2019 10:00:54 +0200},
  biburl    = {https://dblp.org/rec/bib/conf/fase/AsenovG0O17},
  bibsource = {dblp computer science bibliography, https://dblp.org}
}

@inproceedings{cite:lindholm_xml_merge,
  author    = {Tancred Lindholm},
  title     = {A three-way merge for {XML} documents},
  booktitle = {Proceedings of the 2004 {ACM} Symposium on Document Engineering, Milwaukee,
               Wisconsin, USA, October 28-30, 2004},
  pages     = {1--10},
  year      = {2004},
  crossref  = {DBLP:conf/doceng/2004},
  url       = {https://doi.org/10.1145/1030397.1030399},
  doi       = {10.1145/1030397.1030399},
  timestamp = {Tue, 06 Nov 2018 16:57:31 +0100},
  biburl    = {https://dblp.org/rec/bib/conf/doceng/Lindholm04},
  bibsource = {dblp computer science bibliography, https://dblp.org}
}

@inproceedings{cite:fine_grained_source_code_diff,
  author    = {Jean{-}R{\'{e}}my Falleri and
               Flor{\'{e}}al Morandat and
               Xavier Blanc and
               Matias Martinez and
               Martin Monperrus},
  title     = {Fine-grained and accurate source code differencing},
  booktitle = {{ACM/IEEE} International Conference on Automated Software Engineering,
               {ASE} '14, Vasteras, Sweden - September 15 - 19, 2014},
  pages     = {313--324},
  year      = {2014},
  crossref  = {DBLP:conf/kbse/2014},
  url       = {https://doi.org/10.1145/2642937.2642982},
  doi       = {10.1145/2642937.2642982},
  timestamp = {Wed, 14 Nov 2018 10:58:39 +0100},
  biburl    = {https://dblp.org/rec/bib/conf/kbse/FalleriMBMM14},
  bibsource = {dblp computer science bibliography, https://dblp.org}
}

@article{cite:cheng_ethan_xml_merge,
  author    = {Cheng Thao and
               Ethan V. Munson},
  title     = {Using versioned trees, change detection and node identity for three-way
               {XML} merging},
  journal   = {Computer Science - R{\&}D},
  volume    = {34},
  number    = {1},
  pages     = {3--16},
  year      = {2019},
  url       = {https://doi.org/10.1007/s00450-013-0253-5},
  doi       = {10.1007/s00450-013-0253-5},
  timestamp = {Fri, 26 Apr 2019 16:51:39 +0200},
  biburl    = {https://dblp.org/rec/bib/journals/ife/ThaoM19},
  bibsource = {dblp computer science bibliography, https://dblp.org}
}

@inproceedings{cite:generic_diff_for_adt,
  author    = {Marco Vassena},
  title     = {Generic Diff3 for algebraic datatypes},
  booktitle = {Proceedings of the 1st International Workshop on Type-Driven Development,
               TyDe@ICFP 2016, Nara, Japan, September 18, 2016},
  pages     = {62--71},
  year      = {2016},
  crossref  = {DBLP:conf/icfp/2016tyde},
  url       = {https://doi.org/10.1145/2976022.2976026},
  doi       = {10.1145/2976022.2976026},
  timestamp = {Tue, 06 Nov 2018 16:59:24 +0100},
  biburl    = {https://dblp.org/rec/bib/conf/icfp/Vassena16},
  bibsource = {dblp computer science bibliography, https://dblp.org}
}

@article{cite:tom_mens_software_merging_survey,
  author    = {Tom Mens},
  title     = {A State-of-the-Art Survey on Software Merging},
  journal   = {{IEEE} Trans. Software Eng.},
  volume    = {28},
  number    = {5},
  pages     = {449--462},
  year      = {2002},
  url       = {https://doi.org/10.1109/TSE.2002.1000449},
  doi       = {10.1109/TSE.2002.1000449},
  timestamp = {Wed, 14 Nov 2018 10:49:20 +0100},
  biburl    = {https://dblp.org/rec/bib/journals/tse/Mens02},
  bibsource = {dblp computer science bibliography, https://dblp.org}
}

@inproceedings{cite:software_configuration_management,
  author    = {Walter F. Tichy},
  editor    = {J{\"{u}}rgen F. H. Winkler},
  title     = {Tools for Software Configuration Management},
  booktitle = {Proceedings of the International Workshop on Software Version and
               Configuration Control, January 27-29, 1988, Grassau, Germany},
  series    = {Berichte des German Chapter of the {ACM}},
  volume    = {30},
  pages     = {1--20},
  publisher = {Teubner},
  year      = {1988},
  timestamp = {Fri, 07 Mar 2003 10:38:57 +0100},
  biburl    = {https://dblp.org/rec/conf/scm/Tichy88.bib},
  bibsource = {dblp computer science bibliography, https://dblp.org}
}

@article{cite:fast_algo_for_lcs,
  author    = {James W. Hunt and
               Thomas G. Szymanski},
  title     = {A Fast Algorithm for Computing Longest Subsequences},
  journal   = {Commun. {ACM}},
  volume    = {20},
  number    = {5},
  pages     = {350--353},
  year      = {1977},
  url       = {https://doi.org/10.1145/359581.359603},
  doi       = {10.1145/359581.359603},
  timestamp = {Wed, 14 Nov 2018 10:22:34 +0100},
  biburl    = {https://dblp.org/rec/journals/cacm/HuntS77.bib},
  bibsource = {dblp computer science bibliography, https://dblp.org}
}

@article{cite:large_scale_case_study,
  author    = {Dewayne E. Perry and
               Harvey P. Siy and
               Lawrence G. Votta},
  title     = {Parallel changes in large-scale software development: an observational
               case study},
  journal   = {{ACM} Trans. Softw. Eng. Methodol.},
  volume    = {10},
  number    = {3},
  pages     = {308--337},
  year      = {2001},
  url       = {https://doi.org/10.1145/383876.383878},
  doi       = {10.1145/383876.383878},
  timestamp = {Tue, 06 Nov 2018 12:51:20 +0100},
  biburl    = {https://dblp.org/rec/journals/tosem/PerrySV01.bib},
  bibsource = {dblp computer science bibliography, https://dblp.org}
}

@inproceedings{cite:syntactic_software_merging,
  author    = {Jim Buffenbarger},
  editor    = {Jacky Estublier},
  title     = {Syntactic Software Merging},
  booktitle = {Software Configuration Management, {ICSE} {SCM-4} and {SCM-5} Workshops,
               Selected Papers},
  series    = {Lecture Notes in Computer Science},
  volume    = {1005},
  pages     = {153--172},
  publisher = {Springer},
  year      = {1995},
  url       = {https://doi.org/10.1007/3-540-60578-9\_14},
  doi       = {10.1007/3-540-60578-9\_14},
  timestamp = {Tue, 14 May 2019 10:00:50 +0200},
  biburl    = {https://dblp.org/rec/conf/scm/Buffenbarger95.bib},
  bibsource = {dblp computer science bibliography, https://dblp.org}
}
