@incollection{Knuth:2007:CPA:1283920.1283929,
 author = {Knuth, Donald E.},
 chapter = {Computer Programming As an Art},
 title = {ACM Turing Award Lectures},
 year = {2007},
 isbn = {978-1-4503-1049-9},
 articleno = {1974},
 url = {http://doi.acm.org/10.1145/1283920.1283929},
 doi = {10.1145/1283920.1283929},
 acmid = {1283929},
 publisher = {ACM},
 address = {New York, NY, USA},
 keywords = {standards},
}
